<?xml version="1.0" encoding="UTF-8"?><collection xmlns="http://www.loc.gov/MARC21/slim"><record><leader>00535nam--2200133-i-4500</leader><controlfield tag="001">000018170</controlfield><controlfield tag="002">20161230</controlfield><controlfield tag="005">20161230201032</controlfield><controlfield tag="008">060222s1000------------r-----000-0-eng-d</controlfield><datafield ind1=" " ind2=" " tag="080"><subfield code="a">693.8:669</subfield></datafield><datafield ind1=" " ind2=" " tag="100"><subfield code="a">Enos, George M</subfield></datafield><datafield ind1=" " ind2=" " tag="245"><subfield code="a">Visual examination of steel.a series of three educational lectures presented to members of america society for metals during the twenty-first national metal congress and exposition,chicago, illinois, oct.23 to 27. 1939</subfield></datafield><datafield ind1=" " ind2=" " tag="260"><subfield code="a">Cleveland, Ohio, America Society For Metals, 1940. 123 P</subfield></datafield><datafield ind1=" " ind2=" " tag="852"><subfield code="a">5126</subfield></datafield></record></collection>